%% This BibTeX bibliography file was created using BibDesk.
%% http://bibdesk.sourceforge.net/

%% Created for MHD Yamen Saraiji at 2017-04-03 15:13:00 +0900 


%% Saved with string encoding Unicode (UTF-8) 

%telepresence systems
%polycom
@article{rodman2004polycom,
  title={Polycom (R)},
  author={Rodman, J},
  journal={White Paper—“The Distributed Dawn: the Emergence of Versatile Performance in the Conferencing Environment},
  pages={1--7},
  year={2004}
}
%Livemask
@article{misawa2013livemask,
  title={Livemask: A telepresence surrogate system with a face-shaped screen for supporting nonverbal communication},
  author={Misawa, Kana and Ishiguro, Yoshio and Rekimoto, Jun},
  journal={Information and Media Technologies},
  volume={8},
  number={2},
  pages={617--625},
  year={2013},
  publisher={Information and Media Technologies Editorial Board}
}

%MeBot
@inproceedings{adalgeirsson2010mebot,
  title={MeBot: a robotic platform for socially embodied presence},
  author={Adalgeirsson, Sigurdur O and Breazeal, Cynthia},
  booktitle={Proceedings of the 5th ACM/IEEE international conference on Human-robot interaction},
  pages={15--22},
  year={2010},
  organization={IEEE Press}
}
%Kubi
@misc{Kubi2013,
  title={Kubi Telepresence: First practical robotic platform for tablet telepresence},
  author={Revolve Robotics},
  year={2013},
  note={https://www.revolverobotics.com/},
  publisher={Revolve Robotics}
}
%Double Robotics
@misc{robotics2015double,
  title={Double’telepresence robot},
  author={Robotics, Double},
  year={2015}
}

%Shared Presence
@inproceedings{wentzel2015shared,
  title={Shared Presence and Collaboration Using a Co-Located Humanoid Robot},
  author={Wentzel, Johann and Rea, Daniel J and Youn, James E and Sharlin, Ehud},
  booktitle={Proceedings of the 3rd International Conference on Human-Agent Interaction},
  pages={273--276},
  year={2015},
  organization={ACM}
}

@book{calvo2014positive,
  title={Positive computing: technology for wellbeing and human potential},
  author={Calvo, Rafael A and Peters, Dorian},
  year={2014},
  publisher={MIT Press}
}

%presence is a psychological experience that can be achieved through technological means
@book{riva2006communication,
  title={From Communication to Presence: Cognition, Emotions, and Culture Towards the Ultimate Communicative Experience: Festschrift in Honor of Luigi Anolli},
  author={Riva, Giuseppe},
  volume={9},
  year={2006},
  publisher={IOS Press}
}

@article{lenggenhager2009spatial,
  title={Spatial aspects of bodily self-consciousness},
  author={Lenggenhager, Bigna and Mouthon, Michael and Blanke, Olaf},
  journal={Consciousness and cognition},
  volume={18},
  number={1},
  pages={110--117},
  year={2009},
  publisher={Elsevier}
}

%standard cognition science

%
@book{maclachlan2004embodiment,
  title={Embodiment: Clinical, Critical and Cultural Perspectives on Health and Illness},
  author={MacLachlan, Malcolm},
  year={2004},
  publisher={McGraw-Hill Education (UK)}
}
@article{gibson1966senses,
  title={The senses considered as perceptual systems.},
  author={Gibson, James Jerome},
  year={1966},
  publisher={Houghton Mifflin}
}

@book{shapiro2010embodied,
  title={Embodied cognition},
  author={Shapiro, Lawrence},
  year={2010},
  publisher={Routledge}
}
@book{malafouris2013things,
  title={How things shape the mind},
  author={Malafouris, Lambros},
  year={2013},
  publisher={MIT Press}
}
@book{marcel1995body,
  title={The body and the self},
  author={Marcel, Anthony J and Eilan, Naomi and others},
  year={1995},
  publisher={Mit Press}
}

@book{gallagher2006body,
  title={How the body shapes the mind},
  author={Gallagher, Shaun},
  year={2006},
  publisher={Clarendon Press}
}
@article{blanke2009full,
  title={Full-body illusions and minimal phenomenal selfhood},
  author={Blanke, Olaf and Metzinger, Thomas},
  journal={Trends in cognitive sciences},
  volume={13},
  number={1},
  pages={7--13},
  year={2009},
  publisher={Elsevier}
}

@book{roessler2003agency,
  title={Agency and self-awareness: issues in philosophy and psychology},
  author={Roessler, Johannes and Eilan, Naomi},
  volume={2},
  year={2003},
  publisher={Oxford University Press}
}

@article{melzack1992phantom,
  title={Phantom limbs},
  author={Melzack, Ronald},
  journal={Scientific American},
  volume={266},
  number={4},
  pages={120--127},
  year={1992},
  publisher={JSTOR}
}
@article{ramachandran1995touching,
  title={Touching the phantom limb},
  author={Ramachandran, Vilayanur S and Rogers-Ramachandran, Diane and Cobb, Steve},
  journal={Nature},
  volume={377},
  number={6549},
  pages={489},
  year={1995},
  publisher={Nature Publishing Group}
}

@article{holmes2004body,
  title={The body schema and multisensory representation (s) of peripersonal space},
  author={Holmes, Nicholas P and Spence, Charles},
  journal={Cognitive processing},
  volume={5},
  number={2},
  pages={94--105},
  year={2004},
  publisher={Springer}
}
@article{macaluso2010representation,
  title={The representation of space near the body through touch and vision},
  author={Macaluso, E and Maravita, A},
  journal={Neuropsychologia},
  volume={48},
  number={3},
  pages={782--795},
  year={2010},
  publisher={Elsevier}
}
@article{maravita2003multisensory,
  title={Multisensory integration and the body schema: close to hand and within reach},
  author={Maravita, Angelo and Spence, Charles and Driver, Jon},
  journal={Current biology},
  volume={13},
  number={13},
  pages={R531--R539},
  year={2003},
  publisher={Elsevier}
}

@inproceedings{haggard2005disorders,
  title={Disorders of body scheme},
  author={Haggard, Patrick and Wolpert, Daniel M},
  booktitle={In Freund, HJ, Jeannerod, M., Hallett, M., Leiguarda R.,(Eds.), Higher-Order Motor Disorders},
  year={2005},
  organization={Citeseer}
}
@article{morasso2015revisiting,
  title={Revisiting the body-schema concept in the context of whole-body postural-focal dynamics},
  author={Morasso, Pietro and Casadio, Maura and Mohan, Vishwanathan and Rea, Francesco and Zenzeri, Jacopo},
  journal={Frontiers in human neuroscience},
  volume={9},
  year={2015},
  publisher={Frontiers Media SA}
}
@misc{drakemitchell,
  title={Mitchell; illustrations by Richard; Richardson, Paul (2005). Gray's anatomy for students},
  author={Drake, Richard L and Vogl, Wayne and Tibbitts, Adam WM},
  publisher={Philadelphia: Elsevier/Churchill Livingstone. ISBN}
}

@inproceedings{dodgson2004variation,
  title={Variation and extrema of human interpupillary distance},
  author={Dodgson, Neil A and others},
  booktitle={Proceedings of SPIE},
  volume={5291},
  pages={36--46},
  year={2004}
}



@article{berti2000far,
  title={When far becomes near: Remapping of space by tool use},
  author={Berti, Anna and Frassinetti, Francesca},
  journal={Journal of cognitive neuroscience},
  volume={12},
  number={3},
  pages={415--420},
  year={2000},
  publisher={MIT Press}
}
@article{carlson2010rapid,
  title={Rapid assimilation of external objects into the body schema},
  author={Carlson, Thomas A and Alvarez, George and Wu, Daw-an and Verstraten, Frans AJ},
  journal={Psychological Science},
  volume={21},
  number={7},
  pages={1000--1005},
  year={2010},
  publisher={Sage Publications Sage CA: Los Angeles, CA}
}
@article{maravita2004tools,
  title={Tools for the body (schema)},
  author={Maravita, Angelo and Iriki, Atsushi},
  journal={Trends in cognitive sciences},
  volume={8},
  number={2},
  pages={79--86},
  year={2004},
  publisher={Elsevier}
}





@article{kim1996effects,
  title={Effects of presence on memory and persuasion},
  author={Kim, T},
  journal={University of North Carolina, Chapel Hill, NC},
  year={1996}
}

@article{slater1993representations,
  title={Representations systems, perceptual position, and presence in immersive virtual environments},
  author={Slater, Mel and Usoh, Martin},
  journal={Presence: Teleoperators \& Virtual Environments},
  volume={2},
  number={3},
  pages={221--233},
  year={1993},
  publisher={MIT Press}
}
@article{sheridan1992musings,
  title={Musings on telepresence and virtual presence},
  author={Sheridan, Thomas B},
  journal={Presence: Teleoperators \& Virtual Environments},
  volume={1},
  number={1},
  pages={120--126},
  year={1992},
  publisher={MIT Press}
}
@book{rheingold1991virtual,
  title={Virtual reality: exploring the brave new technologies},
  author={Rheingold, Howard},
  year={1991},
  publisher={Simon \& Schuster Adult Publishing Group}
}
@book{biocca2013communication,
  title={Communication in the age of virtual reality},
  author={Biocca, Frank and Levy, Mark R},
  year={2013},
  publisher={Routledge}
}
@article{heeter1992being,
  title={Being there: The subjective experience of presence},
  author={Heeter, Carrie},
  journal={Presence: Teleoperators \& Virtual Environments},
  volume={1},
  number={2},
  pages={262--271},
  year={1992},
  publisher={MIT Press}
}
@article{held1992telepresence,
  title={Telepresence},
  author={Held, Richard M and Durlach, Nathaniel I},
  journal={Presence: Teleoperators \& Virtual Environments},
  volume={1},
  number={1},
  pages={109--112},
  year={1992},
  publisher={MIT Press}
}

@article{steuer1992defining,
  title={Defining virtual reality: Dimensions determining telepresence},
  author={Steuer, Jonathan},
  journal={Journal of communication},
  volume={42},
  number={4},
  pages={73--93},
  year={1992},
  publisher={Wiley Online Library}
}


@book{dourish2004action,
  title={Where the action is: the foundations of embodied interaction},
  author={Dourish, Paul},
  year={2004},
  publisher={MIT press}
}
@article{harbisson2012listen,
  title={I listen to color},
  author={Harbisson, Neil},
  journal={TEDXTalk, http://www. ted. com/talks/neil\_harbisson\_i\_listen\_to\_color},
  year={2012}
}

@book{benford2007beyond,
  title={Beyond human: Living with robots and cyborgs},
  author={Benford, Gregory and Malartre, Elisabeth},
  year={2007},
  publisher={Macmillan}
}
@article{warwick2000cyborg,
  title={Cyborg 1.0},
  author={Warwick, Kevin},
  journal={Wired},
  volume={8},
  number={2},
  year={2000},
  publisher={Howard S Mittman}
}
@article{warwick2002project,
  title={Project Cyborg 2.0},
  author={Warwick, Kevin},
  journal={Kevin Warwick.[http://www. rdg. ac. uk/KevinWarwick/html/project\_cyborg\_2 \_0. html Last Accessed: January 4, 2003]},
  year={2002}
}

@inproceedings{weiser1994ubiquitous,
  title={Ubiquitous computing},
  author={Weiser, Mark},
  booktitle={ACM Conference on Computer Science},
  pages={418},
  year={1994}
}

@phdthesis{kosara2004semantic,
	Author = {Kosara, Robert},
	School = {Kosara},
	Title = {Semantic Depth of Field-Using Blur for Focus+ Context Visualization},
	Year = {2004}}

@misc{tim2012eidos,
  title={Eidos},
  author={Bouckley, Tim and Clive-Smith, Millie and Eun Kim, Mi and Sugawara, Yuta},
  year={2012},
  note={http://www.timbouckley.com/eidos.html},
  publisher={Routledge}
}
@inproceedings{koizumi2012stop,
  title={Stop motion goggle: augmented visual perception by subtraction method using high speed liquid crystal},
  author={Koizumi, Naoya and Sugimoto, Maki and Nagaya, Naohisa and Inami, Masahiko and Furukawa, Masahiro},
  booktitle={Proceedings of the 3rd Augmented Human International Conference},
  pages={14},
  year={2012},
  organization={ACM}
}


%https://disabilitycompendium.org/sites/default/files/user-uploads/2016_AnnualReport.pdf
@misc{disabilities2016,
  title={Annual Disability Statistics Compendium 2016},
  author={Disability Compendium},
  year={2016},
  note={https://disabilitycompendium.org/},
  publisher={Disability Compendium}
}
%http://glencoe.mcgraw-hill.com/sites/dl/free/0078901359/594902/AAT_v4.pdf
@misc{Tennessee2012standards,
  title={Tennessee Science Standards},
  year={},
  note={http://glencoe.mcgraw-hill.com/},
  publisher={Tennessee Science Standards}
    
}

%http://www.gartner.com/newsroom/id/3412017
@misc{hype2016gartner,
  title={Gartner's Hype Cycle for Emerging Technologies},
  author={Gartner},
  year={August 2016},
  note={http://www.gartner.com/},
  publisher={Gartner}
}

@article{metzinger2007empirical,
  title={Empirical perspectives from the self-model theory of subjectivity: a brief summary with examples},
  author={Metzinger, Thomas},
  journal={Progress in brain research},
  volume={168},
  pages={215--278},
  year={2007},
  publisher={Elsevier}
}

@article{botvinick1998rubber,
  title={Rubber hands' feel'touch that eyes see},
  author={Botvinick, Matthew and Cohen, Jonathan},
  journal={Nature},
  volume={391},
  number={6669},
  pages={756},
  year={1998},
  publisher={Nature Publishing Group}
}
@article{guterstam2011illusion,
  title={The illusion of owning a third arm},
  author={Guterstam, Arvid and Petkova, Valeria I and Ehrsson, H Henrik},
  journal={PloS one},
  volume={6},
  number={2},
  pages={e17208},
  year={2011},
  publisher={Public Library of Science}
}


@article{peck2013putting,
  title={Putting yourself in the skin of a black avatar reduces implicit racial bias},
  author={Peck, Tabitha C and Seinfeld, Sofia and Aglioti, Salvatore M and Slater, Mel},
  journal={Consciousness and cognition},
  volume={22},
  number={3},
  pages={779--787},
  year={2013},
  publisher={Elsevier}
}
@article{maister2015changing,
  title={Changing bodies changes minds: owning another body affects social cognition},
  author={Maister, Lara and Slater, Mel and Sanchez-Vives, Maria V and Tsakiris, Manos},
  journal={Trends in cognitive sciences},
  volume={19},
  number={1},
  pages={6--12},
  year={2015},
  publisher={Elsevier}
}

@inproceedings{lugrin2015anthropomorphism,
  title={Anthropomorphism and illusion of virtual body ownership},
  author={Lugrin, J-L and Latt, Johanna and Latoschik, Marc Erich},
  booktitle={Proceedings of the 25th International Conference on Artificial Reality and Telexistence and 20th Eurographics Symposium on Virtual Environments},
  pages={1--8},
  year={2015},
  organization={Eurographics Association}
}



@article{rosenberg2013virtual,
  title={Virtual superheroes: Using superpowers in virtual reality to encourage prosocial behavior},
  author={Rosenberg, Robin S and Baughman, Shawnee L and Bailenson, Jeremy N},
  journal={PloS one},
  volume={8},
  number={1},
  pages={e55003},
  year={2013},
  publisher={Public Library of Science}
}


@misc{gstreamerlib,
  title={GStreamer: open source multimedia framework.},
  note={https://gstreamer.freedesktop.org/}
}
%body representation: inForm
@inproceedings{leithinger2014physical,
  title={Physical telepresence: shape capture and display for embodied, computer-mediated remote collaboration},
  author={Leithinger, Daniel and Follmer, Sean and Olwal, Alex and Ishii, Hiroshi},
  booktitle={Proceedings of the 27th annual ACM symposium on User interface software and technology},
  pages={461--470},
  year={2014},
  organization={ACM}
}

@inproceedings{follmer2013inform,
  title={inFORM: dynamic physical affordances and constraints through shape and object actuation},
  author={Follmer, Sean and Leithinger, Daniel and Olwal, Alex and Hogge, Akimitsu and Ishii, Hiroshi},
  booktitle={Proceedings of the 26th annual ACM symposium on User interface software and technology},
  pages={417--426},
  year={2013},
  organization={ACM}
}


@inproceedings{tsui2011exploring,
  title={Exploring use cases for telepresence robots},
  author={Tsui, Katherine M and Desai, Munjal and Yanco, Holly A and Uhlik, Chris},
  booktitle={Proceedings of the 6th international conference on Human-robot interaction},
  pages={11--18},
  year={2011},
  organization={ACM}
}


%experience sharing
@inproceedings{brubaker2012focusing,
  title={Focusing on shared experiences: moving beyond the camera in video communication},
  author={Brubaker, Jed R and Venolia, Gina and Tang, John C},
  booktitle={Proceedings of the Designing Interactive Systems Conference},
  pages={96--105},
  year={2012},
  organization={ACM}
}


%perception sharing - visual sharing
@inproceedings{kasahara2016parallel,
  title={Parallel eyes: Exploring human capability and behaviors with paralleled first person view sharing},
  author={Kasahara, Shunichi and Ando, Mitsuhito and Suganuma, Kiyoshi and Rekimoto, Jun},
  booktitle={Proceedings of the 2016 CHI Conference on Human Factors in Computing Systems},
  pages={1561--1572},
  year={2016},
  organization={ACM}
}

%perception sharing - sharing kinesthetic experience
@inproceedings{nishida2017biosync,
  title={bioSync: A Paired Wearable Device for Blending Kinesthetic Experience},
  author={Nishida, Jun and Suzuki, Kenji},
  booktitle={Proceedings of the 2017 CHI Conference on Human Factors in Computing Systems},
  pages={3316--3327},
  year={2017},
  organization={ACM}
}
%perception sharing - Jacking visual perception
@inproceedings{kasahara2014jackin,
  title={JackIn: integrating first-person view with out-of-body vision generation for human-human augmentation},
  author={Kasahara, Shunichi and Rekimoto, Jun},
  booktitle={Proceedings of the 5th Augmented Human International Conference},
  pages={46},
  year={2014},
  organization={ACM}
}

@inproceedings{itoh2016laplacian,
  title={Laplacian vision: Augmenting motion prediction via optical see-through head-mounted displays},
  author={Itoh, Yuta and Orlosky, Jason and Kiyokawa, Kiyoshi and Klinker, Gudrun},
  booktitle={Proceedings of the 7th Augmented Human International Conference 2016},
  pages={16},
  year={2016},
  organization={ACM}
}

@inproceedings{yao2013focalspace,
	Author = {Yao, Lining and DeVincenzi, Anthony and Pereira, Anna and Ishii, Hiroshi},
	Booktitle = {Proceedings of the 1st symposium on Spatial user interaction},
	Organization = {ACM},
	Pages = {73--76},
	Title = {FocalSpace: multimodal activity tracking, synthetic blur and adaptive presentation for video conferencing},
	Year = {2013}}

@inproceedings{fan2014acm,
	Author = {Fan, Kevin and Huber, Jochen and Nanayakkara, Suranga and Inami, Masahiko},
	Booktitle = {Proceedings of the 5th Augmented Human International Conference},
	Organization = {ACM},
	Pages = {49},
	Title = {SpiderVision: extending the human field of view for augmented awareness},
	Year = {2014}}
    

@incollection{cohen2009awareware,
  title={Awareware: Narrowcasting attributes for selective attention, privacy, and multipresence},
  author={Cohen, Michael and Fernando, Owen Noel Newton},
  booktitle={Awareness Systems},
  pages={259--289},
  year={2009},
  publisher={Springer}
}

@article{cohen2007multiuser,
  title={A multiuser multiperspective stereographic QTVR browser complemented by java3D visualizer and emulator},
  author={Cohen, Michael and Bolhassan, Noor Alamshah and Fernando, Owen Noel Newton},
  journal={Presence: Teleoperators and Virtual Environments},
  volume={16},
  number={4},
  pages={414--438},
  year={2007},
  publisher={MIT Press}
}

@inproceedings{lindlbauer2014acm,
	Author = {Lindlbauer, David and Aoki, Toru and H{\"o}chtl, Anita and Uema, Yuji and Haller, Michael and Inami, Masahiko and M{\"u}ller, J{\"o}rg},
	Booktitle = {ACM SIGGRAPH 2014 Emerging Technologies},
	Organization = {ACM},
	Pages = {1},
	Title = {A collaborative see-through display supporting on-demand privacy},
	Year = {2014}}

@article{hutchinson1989human,
	Author = {Hutchinson, Thomas E and White, K Preston and Martin, Worthy N and Reichert, Kelly C and Frey, Lisa A},
	Journal = {IEEE Transactions on systems, man, and cybernetics},
	Number = {6},
	Pages = {1527--1534},
	Publisher = {IEEE},
	Title = {Human-computer interaction using eye-gaze input},
	Volume = {19},
	Year = {1989}}

@article{morimoto2005eye,
	Author = {Morimoto, Carlos H and Mimica, Marcio RM},
	Journal = {Computer vision and image understanding},
	Number = {1},
	Pages = {4--24},
	Publisher = {Elsevier},
	Title = {Eye gaze tracking techniques for interactive applications},
	Volume = {98},
	Year = {2005}}

@inproceedings{sibert2000evaluation,
	Author = {Sibert, Linda E and Jacob, Robert JK},
	Booktitle = {Proceedings of the SIGCHI conference on Human Factors in Computing Systems},
	Organization = {ACM},
	Pages = {281--288},
	Title = {Evaluation of eye gaze interaction},
	Year = {2000}}

@inproceedings{benford1994ieee,
	Author = {Benford, Steve and Bowers, John and Fahl{\'e}n, Lennart E and Greenhalgh, Chris},
	Booktitle = {Proceedings of the conference on Virtual reality software and technology},
	Pages = {223--236},
	Title = {Managing mutual awareness in collaborative virtual environments},
	Year = {1994}}

@misc{mcnerney1999patent,
	Author = {McNerney, Michelle and Yang, Rachel Y},
	Month = dec # {~7},
	Note = {US Patent 5,999,208},
	Publisher = {Google Patents},
	Title = {System for implementing multiple simultaneous meetings in a virtual reality mixed media meeting room},
	Year = {1999}}

@article{bowman2007ieee,
	Author = {Bowman, Doug A and McMahan, Ryan P},
	Journal = {Computer},
	Number = {7},
	Pages = {36--43},
	Publisher = {IEEE},
	Title = {Virtual reality: how much immersion is enough?},
	Volume = {40},
	Year = {2007}}

@article{bowman:reasoning,
	Author = {Mic Bowman and Saumya K. Debray and Larry L. Peterson},
	Journal = {ACM Trans. Program. Lang. Syst.},
	Month = {November},
	Number = {5},
	Pages = {795-825},
	Title = {Reasoning About Naming Systems},
	Volume = {15},
	Year = {1993}}


%virtual representation of human body
@inproceedings{ogawa2012reachable,
  title={A reachable user interface by the graphically extended hand},
  author={Ogawa, Shuhei and Okahara, Kohei and Iwai, Daisuke and Sato, Kosuke},
  booktitle={Consumer Electronics (GCCE), 2012 IEEE 1st Global Conference on},
  pages={210--211},
  year={2012},
  organization={IEEE}
}
@inproceedings{ogawa2016metamorphosis,
  title={Metamorphosis hand: dynamically transforming hands},
  author={Ogawa, Nami and Ban, Yuki and Sakurai, Sho and Narumi, Takuji and Tanikawa, Tomohiro and Hirose, Michitaka},
  booktitle={Proceedings of the 7th Augmented Human International Conference 2016},
  pages={51},
  year={2016},
  organization={ACM}
}
@inproceedings{asai2016extendedhand,
  title={ExtendedHand on Wheelchair},
  author={Asai, Yuki and Ueda, Yuta and Enomoto, Ryuichi and Iwai, Daisuke and Sato, Kosuke},
  booktitle={Proceedings of the 29th Annual Symposium on User Interface Software and Technology},
  pages={147--148},
  year={2016},
  organization={ACM}
}
@inproceedings{poupyrev1996go,
  title={The go-go interaction technique: non-linear mapping for direct manipulation in VR},
  author={Poupyrev, Ivan and Billinghurst, Mark and Weghorst, Suzanne and Ichikawa, Tadao},
  booktitle={Proceedings of the 9th annual ACM symposium on User interface software and technology},
  pages={79--80},
  year={1996},
  organization={ACM}
}

%shadow interaction
@inproceedings{shoemaker2007shadow,
  title={Shadow reaching: a new perspective on interaction for large displays},
  author={Shoemaker, Garth and Tang, Anthony and Booth, Kellogg S},
  booktitle={Proceedings of the 20th annual ACM symposium on User interface software and technology},
  pages={53--56},
  year={2007},
  organization={ACM}
}
@inproceedings{chita2015silhouette,
  title={Silhouette interactions: using the hand shadow as interaction modality},
  author={Chita, Eria and Sugiura, Yuta and Hashimoto, Sunao and Kunze, Kai and Inami, Masahiko and Ogata, Masa},
  booktitle={Adjunct Proceedings of the 2015 ACM International Joint Conference on Pervasive and Ubiquitous Computing and Proceedings of the 2015 ACM International Symposium on Wearable Computers},
  pages={69--72},
  year={2015},
  organization={ACM}
}

@book{pfeifer2006body,
  title={How the body shapes the way we think: a new view of intelligence},
  author={Pfeifer, Rolf and Bongard, Josh},
  year={2006},
  publisher={MIT press}
}


%body augmentation
@inproceedings{parietti2015design,
  title={Design and control of supernumerary robotic limbs for balance augmentation},
  author={Parietti, Federico and Chan, Kameron C and Hunter, Banks and Asada, H Harry},
  booktitle={Robotics and Automation (ICRA), 2015 IEEE International Conference on},
  pages={5010--5017},
  year={2015},
  organization={IEEE}
}
@inproceedings{llorens2012based,
  title={Demonstration-based control of supernumerary robotic limbs},
  author={Llorens-Bonilla, Baldin and Parietti, Federico and Asada, H Harry},
  booktitle={Intelligent Robots and Systems (IROS), 2012 IEEE/RSJ International Conference on},
  pages={3936--3942},
  year={2012},
  organization={IEEE}
}


@article{kac1997foundation,
  title={Foundation and development of robotic art},
  author={Kac, Eduardo},
  journal={Art Journal},
  volume={56},
  number={3},
  pages={60--67},
  year={1997},
  publisher={Taylor \& Francis}
}


@misc{stelarc1980thirdhand,
	title={Third Hand},
    author={Stelarc },
    note={http://stelarc.org/?catID=20265 (Last accessed November 2017)},
    year={2015}
}


%proposal for giant body experience
@article{furukawa2014giant,
  title={The Giant Experience: Visual Transfer Design to Virtually Extend the User’s Body},
  author={Furukawa, Masahiro and Ando, Hideyuki and Maeda, Taro},
  journal={ICAT-EGVE 2014-Posters and Demos},
  year={2014},
  publisher={The Eurographics Association.[doi> 10.2312/ve. 20141376]}
}

@inproceedings{saraiji2015development,
  title={Development of Mutual Telexistence System using Virtual Projection of Operator's Egocentric Body Images.},
  author={Saraiji, MHD Yamen and Fernando, Charith Lasantha and Minamizawa, Kouta and Tachi, Susumu},
  booktitle={ICAT-EGVE},
  pages={125--132},
  year={2015}
}
@inproceedings{saraiji2015mutual,
  title={Mutual hand representation for telexistence robots using projected virtual hands},
  author={Saraiji, MHD Yamen and Fernando, Charith Lasantha and Minamizawa, Kouta and Tachi, Susumu},
  booktitle={Proceedings of the 6th Augmented Human International Conference},
  pages={221--222},
  year={2015},
  organization={ACM}
}
@inproceedings{saraiji2016layered,
  title={Layered telepresence: simultaneous multi presence experience using eye gaze based perceptual awareness blending},
  author={Saraiji, MHD Yamen and Sugimoto, Shota and Fernando, Charith Lasantha and Minamizawa, Kouta and Tachi, Susumu},
  booktitle={ACM SIGGRAPH 2016 Emerging Technologies},
  pages={20},
  year={2016},
  organization={ACM}
}
@article{saraiji2016study,
  title={Study on Telexistence LXXXV Layered Presence: Expanding Visual Presence using Simultaneously Operated Telexistence Avatars},
  author={Saraiji, MHD Yamen and FERNANDO, Charith Lasantha and MINAMIZAWA, Kouta and TACHI, Susumu},
  booktitle={Virtual Reality Society of Japan 2016},
  year={2016}
}


@article{saraijireal,
	Author = {Saraiji, MHD Yamen and Fernando, Charith Lasantha and Furukawa, Masahiro and Minamizawa, Kouta and Tachi, Susumu},
	Title = {Real-time Egocentric Superimposition of Operator's Own Body on Telexistence Avatar in Virtual Environment}}
    
@inproceedings{saraiji2014enforcedPoster,
  title={Enforced telexistence},
  author={Saraiji, MHD Yamen and Mizushina, Yusuke and Fernando, Charith Lasantha and Furukawa, Masahiro and Kamiyama, Youichi and Minamizawa, Kouta and Tachi, Susumu},
  booktitle={ACM SIGGRAPH 2014 Posters},
  pages={49},
  year={2014},
  organization={ACM}
}

@inproceedings{saraiji2014enforced,
  title={Enforced telexistence: teleoperating using photorealistic virtual body and haptic feedback},
  author={Saraiji, MHD Yamen and Fernando, Charith Lasantha and Mizushina, Yusuke and Kamiyama, Youichi and Minamizawa, Kouta and Tachi, Susumu},
  booktitle={SIGGRAPH Asia 2014 Emerging Technologies},
  pages={7},
  year={2014},
  organization={ACM}
}



%Progressive Embodiement
@article{biocca1997cyborg,
  title={The Cyborg's Dilemma: Progressive Embodiment in Virtual Environments},
  author={Biocca, Frank},
  journal={Journal of Computer-Mediated Communication},
  volume={3},
  number={2},
  pages={0--0},
  year={1997},
  publisher={Wiley Online Library}
}



@book{tachi2010telexistence,
	Author = {Tachi, S.},
	Isbn = {9789812836335},
	Lccn = {2010286241},
	Publisher = {World Scientific},
	Title = {Telexistence},
	Url = {http://www.worldscibooks.com/compsci/7079.html},
	Year = {2010},
	Bdsk-Url-1 = {http://www.worldscibooks.com/compsci/7079.html}
}
@article{minsky1980telepresence,
  title={Telepresence},
  author={Minsky, Marvin},
  year={1980},
  publisher={}
}

@inproceedings{tachi1991tele,
  title={TELE-EXISTENCE-toward virtual existence in real and/or virtual worlds},
  author={Tachi, Susumu},
  booktitle={Proceedings of the International Conference on Artificial Reality and Tele-existence (ICAT'91)},
  pages={85--94},
  year={1991}
}

 
@incollection{tachi1985tele,
  title={Tele-existence (I): Design and evaluation of a visual display with sensation of presence},
  author={Tachi, Susumu and Tanie, Kazuo and Komoriya, Kiyoshi and Kaneko, Makoto},
  booktitle={Theory and Practice of Robots and Manipulators},
  pages={245--254},
  year={1985},
  publisher={Springer}
}
@inproceedings{tachi1990tele,
  title={Tele-existence master-slave system for remote manipulation. II},
  author={Tachi, Susumu and Arai, Hirohiko and Maeda, Taro},
  booktitle={Decision and Control, 1990., Proceedings of the 29th IEEE Conference on},
  pages={85--90},
  year={1990},
  organization={IEEE}
}
@inproceedings{hasunuma1999development,
  title={Development of teleoperation master system with a kinesthetic sensation of presence},
  author={Hasunuma, Hitoshi and Kagaya, Hiroaki and Takatori, Masao and Fujimori, Jun and Mifune, Fumisato and Shikoda, Shigekazu and Kobayasi, Masami and Itoko, Toshiyuki and Tachi, Susumu},
  booktitle={Proc. of the International Conference on Artificial reality and Telexistence, Waseda University},
  year={1999}
}

@article{watanabe2008torso,
  title={TORSO: Development of a telexistence visual system using a 6-dof robot head},
  author={Watanabe, Kouichi and Kawabuchi, Ichiro and Kawakami, Naoki and Maeda, Taro and Tachi, Susumu},
  journal={Advanced Robotics},
  volume={22},
  number={10},
  pages={1053--1073},
  year={2008},
  publisher={Taylor \& Francis}
}


@inproceedings{kawakami2005telesarphone,
  title={TelesarPHONE-Communication robot based on next generation telexistence technologies},
  author={Kawakami, N},
  booktitle={Proceedings of 36th International Symposium on Robotics (ISR2005)},
  year={2005}
}
 
 @inproceedings{watanabe2007torso,
  title={Torso: completion of egocentric telegnosis system},
  author={Watanabe, Kouichi and Kawabuchi, Ichiro and Kawakami, Naoki and Maeda, Taro and Tachi, Susumu},
  booktitle={ACM SIGGRAPH 2007 emerging technologies},
  pages={21},
  year={2007},
  organization={ACM}
}

    
@article{tachi2016telexistence,
  title={Telexistence: Enabling Humans to Be Virtually Ubiquitous},
  author={Tachi, Susumu},
  journal={IEEE computer graphics and applications},
  volume={36},
  number={1},
  pages={8--14},
  year={2016},
  publisher={IEEE}
}

@inproceedings{tachi2011iros,
	Author = {Tachi, Susumu and Watanabe, Kouichi and Takeshita, Keisuke and Minamizawa, Kouta and Yoshida, Takumi and Sato, Katsunari},
	Booktitle = {Intelligent Robots and Systems (IROS), 2011 IEEE/RSJ International Conference on},
	Doi = {10.1109/IROS.2011.6094543},
	Issn = {2153-0858},
	Month = {sept.},
	Pages = {157 -162},
	Title = {Mutual telexistence surrogate system: TELESAR4 - telexistence in real environments using autostereoscopic immersive display -},
	Year = {2011},
	Bdsk-Url-1 = {http://dx.doi.org/10.1109/IROS.2011.6094543}}

@inproceedings{telesar4,
	Author = {Tachi, Susumu and Watanabe, Kouichi and Takeshita, Keisuke and Minamizawa, Kouta and Yoshida, Takumi and Sato, Katsunari},
	Booktitle = {Intelligent Robots and Systems (IROS), 2011 IEEE/RSJ International Conference on},
	Doi = {10.1109/IROS.2011.6094543},
	Issn = {2153-0858},
	Month = {sept.},
	Pages = {157 -162},
	Title = {Mutual telexistence surrogate system: TELESAR4 - telexistence in real environments using autostereoscopic immersive display -},
	Year = {2011},
	Bdsk-Url-1 = {http://dx.doi.org/10.1109/IROS.2011.6094543}}

@inproceedings{tsuihri,
	Author = {Tsui, K.M. and Desai, M. and Yanco, H.A. and Uhlik, C.},
	Booktitle = {Human-Robot Interaction (HRI), 2011 6th ACM/IEEE International Conference on},
	Issn = {2167-2121},
	Keywords = {Face;Legged locomotion;Minutes;Streaming media;Switches;teleconferencing;telerobotics;video signal processing;conference room meetings;embodied video conferencing;moving hallway conversations;telepresence robots;use cases;Remote presence;teleoperation;video conferencing;},
	Month = {march},
	Pages = {11 -18},
	Title = {Exploring use cases for telepresence robots},
	Year = {2011}}

@article{guizzo,
	Author = {Guizzo, E.},
	Doi = {10.1109/MSPEC.2010.5557512},
	Issn = {0018-9235},
	Journal = {Spectrum, IEEE},
	Keywords = {Avatars;Magnetic heads;Mobile robots;Portable computers;Robot sensing systems;avatars;mobile robots;telerobotics;teleworking;Anybot;avatar;telepresence robot;},
	Month = {september},
	Number = {9},
	Pages = {26 -50},
	Title = {When My Avatar Went to Work},
	Volume = {47},
	Year = {2010},
	Bdsk-Url-1 = {http://dx.doi.org/10.1109/MSPEC.2010.5557512}}

@online{anybots,
	Month = jun,
	Title = {Anybots\textsuperscript{\textregistered} Inc},
	Url = {https://www.anybots.com/},
	Year = {2009},
	Bdsk-Url-1 = {https://www.anybots.com/}}

    
@inproceedings{esteves2015orbits,
  title={Orbits: Gaze interaction for smart watches using smooth pursuit eye movements},
  author={Esteves, Augusto and Velloso, Eduardo and Bulling, Andreas and Gellersen, Hans},
  booktitle={Proceedings of the 28th Annual ACM Symposium on User Interface Software \& Technology},
  pages={457--466},
  year={2015},
  organization={ACM}
}
@article{barnes2012rapid,
  title={Rapid learning of pursuit target motion trajectories revealed by responses to randomized transient sinusoids},
  author={Barnes, Graham R},
  journal={Journal of Eye Movement Research},
  volume={5},
  number={3},
  year={2012}
}
@article{cymek2014entering,
  title={Entering PIN codes by smooth pursuit eye movements},
  author={Cymek, Dietlind Helene and Venjakob, Antje Christine and Ruff, Stefan and Lutz, Otto Hans-Martin and Hofmann, Simon and Roetting, Matthias},
  journal={Journal of Eye Movement Research},
  volume={7},
  number={4},
  year={2014}
}
@article{lutz2015smoovs,
  title={SMOOVS: Towards calibration-free text entry by gaze using smooth pursuit movements},
  author={Lutz, Otto Hans-Martin and Venjakob, Antje Christine and Ruff, Stefan},
  journal={Journal of Eye Movement Research},
  volume={8},
  number={1},
  year={2015}
}



@inproceedings{ishii1992clearboard,
  title={Clearboard: A seamless medium for shared drawing and conversation with eye contact},
  author={Ishii, Hiroshi and Kobayashi, Minoru},
  booktitle={Proceedings of the SIGCHI conference on Human factors in computing systems},
  pages={525--532},
  year={1992},
  organization={ACM}
}

@inproceedings{kunz2010collaboard,
  title={Collaboard: a novel interactive electronic whiteboard for remote collaboration with people on content},
  author={Kunz, Andreas and Nescher, Thomas and Kuchler, Martin},
  booktitle={Cyberworlds (CW), 2010 International Conference on},
  pages={430--437},
  year={2010},
  organization={IEEE}
}

@article{steed2012beaming,
  title={Beaming: an asymmetric telepresence system},
  author={Steed, Anthony and Tecchia, Franco and Bergamasco, Massimo and Slater, Mel and Steptoe, William and Oyekoya, Wole and Pece, Fabrizio and Weyrich, Tim and Kautz, Jan and Friedman, Doron and others},
  journal={IEEE computer graphics and applications},
  number={6},
  pages={10--17},
  year={2012},
  publisher={IEEE}
}
@inproceedings{oyekoya2013supporting,
  title={Supporting interoperability and presence awareness in collaborative mixed reality environments},
  author={Oyekoya, Oyewole and Stone, Ran and Steptoe, William and Alkurdi, Laith and Klare, Stefan and Peer, Angelika and Weyrich, Tim and Cohen, Benjamin and Tecchia, Franco and Steed, Anthony},
  booktitle={Proceedings of the 19th ACM Symposium on Virtual Reality Software and Technology},
  pages={165--174},
  year={2013},
  organization={ACM}
}



%chroma key based body segmentation
@inproceedings{yokokohji1996you,
  title={What you can see is what you can feel-development of a visual/haptic interface to virtual environment},
  author={Yokokohji, Yasuyoshi and Hollis, Ralph L and Kanade, Takeo},
  booktitle={Virtual Reality Annual International Symposium, 1996., Proceedings of the IEEE 1996},
  pages={46--53},
  year={1996},
  organization={IEEE}
}
%image based body segmentation
@inproceedings{bruder2009enhancing,
  title={Enhancing presence in head-mounted display environments by visual body feedback using head-mounted cameras},
  author={Bruder, Gerd and Steinicke, Frank and Rothaus, Kai and Hinrichs, Klaus},
  booktitle={CyberWorlds, 2009. CW'09. International Conference on},
  pages={43--50},
  year={2009},
  organization={IEEE}
}


% Model based body segmentation
@inproceedings{saraiji2013real,
  title={Real-time egocentric superimposition of operator's own body on telexistence avatar in virtual environment.},
  author={Saraiji, MHD Yamen and Fernando, Charith Lasantha and Furukawa, Masahiro and Minarnizawa, Kouta and Tachi, Susumu},
  booktitle={ICAT},
  pages={35--39},
  year={2013}
}
@inproceedings{tecchia20123d,
  title={3D helping hands: a gesture based MR system for remote collaboration},
  author={Tecchia, Franco and Alem, Leila and Huang, Weidong},
  booktitle={Proceedings of the 11th ACM SIGGRAPH International Conference on Virtual-Reality Continuum and its Applications in Industry},
  pages={323--328},
  year={2012},
  organization={ACM}
}

@misc{saraiji2015hug,
	title={HUG Project},
    author={Saraiji, MHD Yamen and Ducklings and Creative-OCRA and FOVE },
    note={https://hugproject.net/},
    year={2015}
}

 

@phdthesis{kevin2017blended,
  title={Blended Reality: Extending Existence into Multiple Realities },
  author={Fan, Kevin},
  year={2017},
  school={Keio University}
}
@phdthesis{fernando2013design,
  title={Design and development of a Telexistence system to experience extended human body schema },
  author={Fernando, Charith Lasantha},
  year={2013},
  school={Keio University}
}
@inproceedings{fernando2012iros,
	Author = {Fernando, Charith Lasantha and Furukawa, Masahiro and Kurogi, Tadatoshi and Kamuro, Sho and Sato, Katsunari and Minamizawa, Kouta and Tachi, Susumu},
	Booktitle = {Intelligent Robots and Systems (IROS), 2012 IEEE/RSJ International Conference on},
	Doi = {10.1109/IROS.2012.6385814},
	Issn = {2153-0858},
	Keywords = {Accuracy;Humans;Joints;Kinematics;Robot sensing systems;Torso;},
	Month = {oct.},
	Pages = {5112 -5118},
	Title = {Design of TELESAR V for transferring bodily consciousness in telexistence},
	Year = {2012},
	Bdsk-Url-1 = {http://dx.doi.org/10.1109/IROS.2012.6385814}}

@inproceedings{fernando2012s12,
	Acmid = {2343479},
	Address = {Los Angeles, CA, USA},
	Articleno = {23},
	Author = {Fernando, Charith Lasantha and Furukawa, Masahiro and Kurogi, Tadatoshi and Hirota, Kyo and Kamuro, Sho and Sato, Katsunari and Minamizawa, Kouta and Tachi, Susumu},
	Booktitle = {ACM SIGGRAPH 2012 Emerging Technologies},
	Doi = {10.1145/2343456.2343479},
	Isbn = {978-1-4503-1680-4},
	Location = {Los Angeles, California},
	Numpages = {1},
	Pages = {23:1--23:1},
	Publisher = {ACM},
	Series = {SIGGRAPH '12},
	Title = {TELESAR V: TELExistence surrogate anthropomorphic robot},
	Url = {http://doi.acm.org/10.1145/2343456.2343479},
	Year = {2012},
	Bdsk-Url-1 = {http://doi.acm.org/10.1145/2343456.2343479},
	Bdsk-Url-2 = {http://dx.doi.org/10.1145/2343456.2343479}}


%Design oriented frameworks
@inproceedings{kazemitabaar2017makerwear,
  title={MakerWear: A Tangible Approach to Interactive Wearable Creation for Children},
  author={Kazemitabaar, Majeed and McPeak, Jason and Jiao, Alexander and He, Liang and Outing, Thomas and Froehlich, Jon E},
  booktitle={Proceedings of the 2017 CHI Conference on Human Factors in Computing Systems},
  pages={133--145},
  year={2017},
  organization={ACM}
}
@inproceedings{bdeir2011electronics,
  title={Electronics as material: littleBits},
  author={Bdeir, Ayah and Ullrich, Ted},
  booktitle={Proceedings of the fifth international conference on Tangible, embedded, and embodied interaction},
  pages={341--344},
  year={2011},
  organization={ACM}
}
@article{maloney2010scratch,
  title={The scratch programming language and environment},
  author={Maloney, John and Resnick, Mitchel and Rusk, Natalie and Silverman, Brian and Eastmond, Evelyn},
  journal={ACM Transactions on Computing Education (TOCE)},
  volume={10},
  number={4},
  pages={16},
  year={2010},
  publisher={ACM}
}

@article{mcneel2010grasshopper,
  title={Grasshopper generative modeling for Rhino},
  author={McNeel, Robert},
  journal={Computer software (2011b), http://www. grasshopper3d. com},
  year={2010}
}

@book{shu1988visual,
  title={Visual programming},
  author={Shu, Nan C},
  year={1988},
  publisher={Van Nostrand Reinhold New York}
}

@article{puckette1990max,
  title={Max/Msp},
  author={Puckette, Miller and Zicarelli, David},
  journal={Cycling},
  volume={74},
  pages={1990--2006},
  year={1990}
}
@inproceedings{puckette1997pure,
  title={Pure Data.},
  author={Puckette, Miller S and others},
  booktitle={ICMC},
  year={1997}
}


@article{booch1996unified,
  title={The unified modeling language},
  author={Booch, Grady and Jacobson, Ivar and Rumbaugh, James and others},
  journal={Unix Review},
  volume={14},
  number={13},
  pages={5},
  year={1996}
}





@article{wang2001embedded,
  title={Embedded foveation image coding},
  author={Wang, Zhou and Bovik, Alan C},
  journal={IEEE Transactions on image processing},
  volume={10},
  number={10},
  pages={1397--1410},
  year={2001},
  publisher={IEEE}
}
@article{itti2004automatic,
  title={Automatic foveation for video compression using a neurobiological model of visual attention},
  author={Itti, Laurent},
  journal={IEEE Transactions on Image Processing},
  volume={13},
  number={10},
  pages={1304--1318},
  year={2004},
  publisher={IEEE}
}



@article{park20143d,
  title={3D visual discomfort prediction: vergence, foveation, and the physiological optics of accommodation},
  author={Park, Jincheol and Lee, Sanghoon and Bovik, Alan Conrad},
  journal={IEEE Journal of Selected Topics in Signal Processing},
  volume={8},
  number={3},
  pages={415--427},
  year={2014},
  publisher={IEEE}
}



@article{guenter2012foveated,
  title={Foveated 3D graphics},
  author={Guenter, Brian and Finch, Mark and Drucker, Steven and Tan, Desney and Snyder, John},
  journal={ACM Transactions on Graphics (TOG)},
  volume={31},
  number={6},
  pages={164},
  year={2012},
  publisher={ACM}
}


@inproceedings{patney2016perceptually,
  title={Perceptually-based foveated virtual reality},
  author={Patney, Anjul and Kim, Joohwan and Salvi, Marco and Kaplanyan, Anton and Wyman, Chris and Benty, Nir and Lefohn, Aaron and Luebke, David},
  booktitle={ACM SIGGRAPH 2016 Emerging Technologies},
  pages={17},
  year={2016},
  organization={ACM}
}
@inproceedings{ryoo2016design,
  title={Design and evaluation of a foveated video streaming service for commodity client devices},
  author={Ryoo, Jihoon and Yun, Kiwon and Samaras, Dimitris and Das, Samir R and Zelinsky, Gregory},
  booktitle={Proceedings of the 7th International Conference on Multimedia Systems},
  pages={6},
  year={2016},
  organization={ACM}
}



@inproceedings{minamizawa2007gravity,
  title={Gravity grabber: wearable haptic display to present virtual mass sensation},
  author={Minamizawa, Kouta and Fukamachi, Souichiro and Kajimoto, Hiroyuki and Kawakami, Naoki and Tachi, Susumu},
  booktitle={ACM SIGGRAPH 2007 emerging technologies},
  pages={8},
  year={2007},
  organization={ACM}
}




@inproceedings{sasaki2017metalimbs,
  title={MetaLimbs: Metamorphosis for multiple arms interaction using artificial limbs},
  author={Sasaki, Tomoya and Saraiji, MHD Yamen and Fernando, Charith Lasantha and Minamizawa, Kouta and Inami, Masahiko},
  booktitle={44th International Conference on Computer Graphics and Interactive Techniques, ACM SIGGRAPH 2017},
  year={2017},
  organization={Association for Computing Machinery, Inc}
}


@book{heinlein1942waldo,
  title={Waldo},
  author={Heinlein, Robert Anson},
  year={1942},
  publisher={Doubleday}
}


@book{bracken2010immersed,
  title={Immersed in media: Telepresence in everyday life},
  author={Bracken, Cheryl Campanella and Skalski, Paul},
  year={2010},
  publisher={Routledge}
}

@article{parietti2016supernumerary,
  title={Supernumerary robotic limbs for human body support},
  author={Parietti, Federico and Asada, Harry},
  journal={IEEE Transactions on Robotics},
  volume={32},
  number={2},
  pages={301--311},
  year={2016},
  publisher={IEEE}
}


%sensory substitution
@book{bach1972brain,
  title={Brain mechanisms in sensory substitution},
  author={Bach-y-Rita, Paul},
  year={1972},
  publisher={academic Press}
}
@book{bach1995nonsynaptic,
  title={Nonsynaptic diffusion neurotransmission and late brain reorganization},
  author={Bach-y-Rita, Paul},
  year={1995},
  publisher={Demos Medical Pub}
}

@inproceedings{fan2013reality,
  title={Reality jockey: lifting the barrier between alternate realities through audio and haptic feedback},
  author={Fan, Kevin and Izumi, Hideyuki and Sugiura, Yuta and Minamizawa, Kouta and Wakisaka, Sohei and Inami, Masahiko and Fujii, Naotaka and Tachi, Susumu},
  booktitle={Proceedings of the SIGCHI Conference on Human Factors in Computing Systems},
  pages={2557--2566},
  year={2013},
  organization={ACM}
}

@inproceedings{simeone2015substitutional,
  title={Substitutional reality: Using the physical environment to design virtual reality experiences},
  author={Simeone, Adalberto L and Velloso, Eduardo and Gellersen, Hans},
  booktitle={Proceedings of the 33rd Annual ACM Conference on Human Factors in Computing Systems},
  pages={3307--3316},
  year={2015},
  organization={ACM}
}


@article{white1970seeing,
  title={Seeing with the skin},
  author={White, Benjamin W and Saunders, Frank A and Scadden, Lawrence and Bach-Y-Rita, Paul and Collins, Carter C},
  journal={Perception \& Psychophysics},
  volume={7},
  number={1},
  pages={23--27},
  year={1970},
  publisher={Springer}
}

@article{kay1973sonic,
  title={Sonic glasses for the blind: A progress report},
  author={Kay, Leslie},
  journal={American Foundation for the Blind Research Bulletin},
  volume={25},
  pages={25--58},
  year={1973}
}



@article{block2003tactile,
  title={Tactile sensation via spatial perception},
  author={Block, Ned},
  journal={Trends in cognitive sciences},
  volume={7},
  number={7},
  pages={285--286},
  year={2003},
  publisher={Elsevier Current Trends}
}


@article{prinz2006putting,
  title={Putting the brakes on enactive perception},
  author={Prinz, Jesse},
  journal={Psyche},
  volume={12},
  number={1},
  pages={1--19},
  year={2006}
}
@article{kacznaarek1995tactile,
  title={Tactile displays},
  author={Kacznaarek, Kurt A and Bach-Y-Rita, Paul},
  journal={Virtual environments and advanced interface design},
  volume={55},
  pages={349},
  year={1995},
  publisher={Oxford University Press on Demand}
}
@article{maidenbaum2014eyecane,
  title={The “EyeCane”, a new electronic travel aid for the blind: Technology, behavior \& swift learning},
  author={Maidenbaum, Shachar and Hanassy, Shlomi and Abboud, Sami and Buchs, Galit and Chebat, Daniel-Robert and Levy-Tzedek, Shelly and Amedi, Amir},
  journal={Restorative neurology and neuroscience},
  volume={32},
  number={6},
  pages={813--824},
  year={2014},
  publisher={IOS Press}
}


@misc{ducklingsjp,
  title={Duckings Japan },
  author={Ducklings, inc},
  note={https://ducklings.jp/ (last accessed November 2017)},
  year={}
}
@misc{auxdeco,
  title={AuxDeco},
  author={Eyeplus Co. inc},
  note={http://www.eyeplus2.com/product-2/about-auxdeco (Japanese, last accessed November 2017)},
  year={}
}
@misc{brainport,
  title={BrainPort },
  author={Wicab, inc},
  note={https://www.wicab.com/brainport-v100 (last accessed November 2017)},
  year={}
}
@misc{vOICe,
  title={The vOICe },
  author={MetaModel, inc},
  note={http://www.metamodal.com/ (last accessed November 2017)},
  year={}
}
@article{meijer1992experimental,
  title={An experimental system for auditory image representations},
  author={Meijer, Peter BL},
  journal={IEEE transactions on biomedical engineering},
  volume={39},
  number={2},
  pages={112--121},
  year={1992},
  publisher={IEEE}
}
@article{capelle1998real,
  title={A real-time experimental prototype for enhancement of vision rehabilitation using auditory substitution},
  author={Capelle, Christian and Trullemans, Charles and Arno, Patricia and Veraart, Claude},
  journal={IEEE Transactions on Biomedical Engineering},
  volume={45},
  number={10},
  pages={1279--1293},
  year={1998},
  publisher={IEEE}
}
@article{hanneton2010vibe,
  title={The Vibe: a versatile vision-to-audition sensory substitution device},
  author={Hanneton, Sylvain and Auvray, Malika and Durette, Barth{\'e}lemy},
  journal={Applied Bionics and Biomechanics},
  volume={7},
  number={4},
  pages={269--276},
  year={2010},
  publisher={Hindawi Publishing Corporation}
}



@article{suzuki2012substitutional,
  title={Substitutional reality system: a novel experimental platform for experiencing alternative reality},
  author={Suzuki, Keisuke and Wakisaka, Sohei and Fujii, Naotaka},
  journal={Scientific reports},
  volume={2},
  pages={srep00459},
  year={2012},
  publisher={Nature Publishing Group}
}


@article{kunze2017superhuman,
  title={Superhuman Sports: Applying Human Augmentation to Physical Exercise},
  author={Kunze, Kai and Minamizawa, Kouta and Lukosch, Stephan and Inami, Masahiko and Rekimoto, Jun},
  journal={IEEE Pervasive Computing},
  volume={16},
  number={2},
  pages={14--17},
  year={2017},
  publisher={IEEE}
}

@inproceedings{lopes2015proprioceptive,
  title={Proprioceptive interaction},
  author={Lopes, Pedro and Ion, Alexandra and Mueller, Willi and Hoffmann, Daniel and Jonell, Patrik and Baudisch, Patrick},
  booktitle={Proceedings of the 33rd Annual ACM Conference on Human Factors in Computing Systems},
  pages={939--948},
  year={2015},
  organization={ACM}
}


@article{wu2014bio,
  title={Bio-artificial synergies for grasp posture control of supernumerary robotic fingers},
  author={Wu, Faye Y and Asada, Harry},
  year={2014},
  publisher={MIT Press}
}

@inproceedings{wu2015hold,
  title={“Hold-and-manipulate” with a single hand being assisted by wearable extra fingers},
  author={Wu, Faye Y and Asada, H Harry},
  booktitle={Robotics and Automation (ICRA), 2015 IEEE International Conference on},
  pages={6205--6212},
  year={2015},
  organization={IEEE}
}

@inproceedings{bonilla2014robot,
  title={A robot on the shoulder: Coordinated human-wearable robot control using coloured petri nets and partial least squares predictions},
  author={Bonilla, Baldin Llorens and Asada, H Harry},
  booktitle={Robotics and Automation (ICRA), 2014 IEEE International Conference on},
  pages={119--125},
  year={2014},
  organization={IEEE}
}

@inproceedings{parietti2014bracing,
  title={Bracing the human body with supernumerary robotic limbs for physical assistance and load reduction},
  author={Parietti, Federico and Chan, Kameron and Asada, H Harry},
  booktitle={Robotics and Automation (ICRA), 2014 IEEE International Conference on},
  pages={141--148},
  year={2014},
  organization={IEEE}
}

